518007060000061052029038071004009008030040095795183604040010500201095307350870210
670420059093150806040090300350014900800905004014700635700500003409270568520308700
076500309030702100014603520087904012100000948092168000601079435809036001003005800
930027006087903214400601003170005060842096007006000080290768105764510008018042000
170985006080003405530600091308074960045096300900800047850360004003052089097010603
063019080045080219018005306100908453006030090000050162594020600800673900630090821
260050309805073021100029800050064712432517900001000005780001064016745290020080003
704035068831246097000078034150780602200694000600000700010027050400069871078401006
050060940306491507014008060643017859007600000080045306060029738070036010831700090
070560201501487009069000470693100007040230100005906348480750903056023014007004002
500080619400602070768390040830907001900120730170800064380400100040510300609203485
069745081054003960003200500502401000900020054107036829305004010401650273008012005
106908023380400971900231008093000806000325009710060032429187005070500280500002107
326004057090702006040069820980076504075403102400100600260080701010940065709021040
001080005908520107503601208090800500172360084030092710087100000016009853009238601
079008401815090030032516000004001000163020904500940167900000873300684209281070506
740610083016040072900720010875200030204030008000587294100072309600051840437900020
450019007007604103106030045530100400014823090900400831001907250205380709079500300
630020148020800900987314000201790403006040712070060895060080300000630254349205080
004025301032400605095360004000750802209040706748610050580006409000090037917034508
482067053916053000030040000600324517207516830050080026529000300160005070800032960
350097081000006300286301704060705008049820156805060002023674019078002040090008260
400200583800004621320005947009460752000051094048970000061587039083109200000603008
029473500605000700080590132004609005902700683063052001540007000070065314306204807
580604230012005809400980500390240600704500382001360070000100400945876123036400050
038506029075924008002310000320001780710892600850030201081069340063085970000240000
054130007000040320000607415705408060001263079903001040090320680000906054416875902
070068203810230000023500186004002530085410609760305400058001060230840951040950800
040000609136049205095362140402073010070050304910028056780236001500890060009504000
700960200095081346608400070502074001081006700009208654054802067820000030030157480
076240003001003720230000100690108245520039080048006370305962407402000930760000852
857000002031027849020100050500930086380745001910006073165800900290310760740650000
048007200000300570025009036072415683003920700400038920054001097030094160610073402
040000609836027401019643280903071060070060903680039075390814006400750090008306000
100703802030004601047162509600090320580400907394000108016570200903200710008016490
070180096095700040063904508030509402047060050082340067356408029000007605720053010
000080134000002006670014800300408569754209381080531420430025008012006700860190005
403006150805941073060050080386512907010700560007009001702105490090270005501003708
004506000000983205000214760001830020709000354260490007600348000417659032308701096
026754100908203506000800370289047610563108497041000208000002000050071963090506020
309502000482137690571098002840310500053029046290004300014000708608005010025400060
005600000800709006000031098109005630450003820263178009076304082502807963308006470
605098001000000309904003068043089012210407850856020007587904036001030900392000184
360085000092703004087624390243008500006250400800006021038001247975430016400000053
860409517709001000500037206912706000007003102300014978070300600608905401290160053
047036050003201067029050081300075210014002073270103090090060008086029035730510049
057103000013609405900200613020090301390020047108436200530768190801900700009010520
462078950001254080800000340010065739903001000087902015038029000006500804540607123
009820730302019800104060029015082060760900250003075098046008970500097600807406302
000263040400058329382400006904000587008905602105087400243016970859000201000529000
423109070005370490100004302714030009300061048080207053530426017609005204001003005
605083010000000069431697502250300198060108203180509000802001035049756820010002040
007060395020700060165934200080003012070800400452617980700408020504076839098001007
580409017060800530470230090097140320002700900830906740006300072020094053314570080
087023456005070090130450800014080700060907504790510680001002905009365271652090000
395602010074980630086430500900020806000806247600540093010300020852719060760004080
046300280512000000000900540403020008068090473179830025820679030704500862601240700
400759008780010094000460500047825931018000005059000820194576200500003149803100056
512308069000950802809006050005007130063281075081030600600810043258043091004005080
306004009807230064001608702100026075649087203200010040063002401500069007012305690
308041007605070403040830150006089041700000560124765300960050034470608010800094076
000382005260000103835046907506830091008601340301070800900007614057418009410003500
015038007034670105006100908527801090000000084403967510100700056350016070068095041
809050713070098200203401800150046382304005001008130090902860040405700130006510920
208093400010050900307420685803940510900506837560007000130000709405170360700365008
600800210721349800008600079175080306069400050000165790080794620210006004940010530
761904250300051004900002018073820100052409806400100507014090600507018002200047381
827954030600087540501300790406709210102048060000612007705091020000065001010003654
078001239190008076304076005953010060001060903400500800000030547739045018540187300
251080694908604000000000071010439782000006943409007100097000020823940567004208319
270049300084071295900200070437065080008012739002080600003590001649108520800006043
080000930060738241134620000070006092091052000602307185028045603006073009903200804
027000608190058200084000000071600495952004836600500701035802069009736000068915072
040000256106300079597268034438700500602001000709605480000016920200973000904080317
058004021060853007039020805800041006503700210106082504670200180900400050085916702
704583210008619000950047006409320000380106497016070000000761902097432600623000001
601042009083900014009015620926403107000260890830500002702058000068700240300024781
000106004000247006064800020049325670836704200075900000017600900652493781408071300
010000420304600071070241030541002000802710594730084200400800063186437052250100008
580900016670018003090560420240053060806020350007091280008170035960340072035080900
075123904003048000014090030006000050007809000309002607542710398930280765008905241
034087006006103500850006437610408203500310600203060801300290000490870365180005940
000007065000485002500610348090521830203040657400763219300804000001000900825190473
010050894250406700780390050030024070527938106001000028075812460042063500060000230
500096080800712409090853000200160345450007098300540107005000074973080501140605902
030100706010367098567090003085419000340000961900603850050040082093780600108036470
045800697702610000800470210901030074000040160457168020620004701010086002078201430
604279003978300200000800497007010000100438075835007614009060508501780340082590060
071003849002010703345907601038106205006002900297405180020360000000741002004509308
006003942793004080040089031079068020000400893028395107000801006812036070050927010
700002958010967000924500107600025040250001370490038015502310794146270083000004000
706201935000709682000000714080100470357004020401070803298003007603598000500627098
050201493000500267420300581800063912000020678102900350204009005500004809739050046
604010070905008160100694580008940653346005001050130400800400000530801047061709835
006840297097306005024007003015060708609718500008030019073680901960570820500004070
680351472170420860004070090800504000016980037532716900900040351040105020000000749
602394705048050203005008040060030510030586027857009030983100472000802009024970001
000140279092500803374208000021000005006902418043815700408621007517400362000007100
239067005140090627068010934300970802000206500080003769850600471420850306000004050
806000300700305286350602109000004032502136400093827000008003901941208500600491720
000080720903502004800049563300250017051000046409001050504630298798420031000918005
085000003400300520000400010234070905078295364056843170740902001001006497069710200
081392540400050980906008300000705609630920050195060207572086103000510704310200005
860039402900006817270004903000300284002470506450060000780020040106800705029647138
700390605504006001063000082658070309001603007030010864825130006310507298400260100
080014507090760483000930162060003209910040008803591046078000634030480000009356801
009740062072083059061900070250304701780500204090807005007265300328000546005038900
900006003170005900830940001009051730568430000013000004395160827021879305480503100
103208500700613200280009063000426900427395010039781000078150690540000780010067004
560030912049000500300905048002350890700049250095780104100507309970013425250600000
860000270175280090009470058000013720607050034250048100046090380000027546502360907
143902570709045031000030004972300140036401009000079860065700300301620957200510400
300800502902145300085030940000901084196704230024600100019508023600310059053009010
001904703590627108874103902000370204000000307007049615436000000952030401010090536
507069000063000179009731640281090300070500802005827016340908061100050080750046920
560020000002705168701830042453001700079302085000057930905003010000610054614570093
301004007904573108208600050420000090003769040600432781810207036002016000036040215
002030967576900800098706400609074150000201049081500070037028010210603704060150093
008026910709001320201908500010200063050607080673804209090002035105403670026780004
004690038936008045020540600008120953250960000109300062741056329000070006085230100
039680700008507309700003650150030847400178005070056103901000032005810976607004501
204006510500004760860090420001900240098207001420010090082159630046732105150460000
653914007008020009192307600069408000305070068841032700036745000004803070587290000
067095420392146050010870693685720104003000002001683079000200000208004307730508040
478501600023080000059247813807009300306000978095308164900050030701004095502700001
051604900024019800790825041047908003038001597065270418002300060070006204613000000
659801027400002003002054680090540070020008346843067090284005700060429500030006214
000080740684500301002010000041890072800062139090730058503946000079158263160027000
204500000005628439960007502600800207800064003347902068106200800002086370470390620
087500014024107600500004027210603089046059100090010062138095006052301008670002301
400693170690500400102080950070038000846209315200005890001802040724016530005300620
831947050020805001700620900060000807590186402010372690150000328084000170970018004
070008005069053740203470680006800504004091803385042900002006470648020009900384206
904083201051200900700150086309560700015430800080900635098005340546072190000890060
093200080200085003086730254975800031000074060604503807700062048329400070008057902
460930857910580000007200013000050009631490085095018430500020090189305206300160570
080700600079041580502096107003205090025030010067018253008100920104907308290580400
000063814186040200403210050638590020900806035002400960260380190310600002800102306
020000085089523076510680020130260049008700002760340051370800000054192367200007018
040350200500840106936002548063200050409060002705080364600038425300425009200607800
010500402053629180680001009095304600308060500006057943000003790879100006034796015
240000100700392406530601078004050002305260901108904605010800500652430019090016320
500000006026983701018065930040730600861540307300600098039850270075324100080000560
700423010310050008200801930609534027072000503103097806501042700046000350907005460
000009078739025601018046030090080007820010096370954802963570120080400760100063009
019860000027090000630217005000000847043780056085600309300471508900300624458920170
027100006530082947800340005354276109006030004900001620090003078743809500005704301
600040108504203970100760354200070003706000219035106840801057002300081790450002081
160309000079102006200070918090000000018423769630701280087014050300050070451630892
046508023205360847380472000017004398930106570802000000100023059009000030403015706
000180430064029007371500092038060700600402980410073605093658001006090370180700560
064000830001008904890300510400029703000805621625030409150493208743006000080570046
405280960301076804000010005513008006900605017007021083204097638009860750768002000
801295006060470580075000104097186203036700908100050007028000600010607045604918702
036049508080020006052063790500030001300901087917082053240070360693014800000096410
400600002000594180809700003006200051980057230120006879010003905093821760200065318
208190740605340020400500068910075203007630004304800609083060092040053000062081437
005010300173900502004537108308621050090000401207409036000090613760085200439160700
970830200003102075280007091617920450300050900500071028092040786800719540750080000
000400001714026809080000600800040062590260480420083910162904000007810596950637104
600890073501046082908007005800650200306070010015230697000000020153062800209483751
076140529930500000410269800083910004657000000040702308008304016004021005021095487
162900403000046810904013200070184025200050600851020074016400708098065032300801040
204609150503004070009301804100400790057890301960107080701046200025910047800020509
080560100504712080600003029745000038008025091029387005972001804030950070050278003
600040800307185096028060710005030067709050082260978500032594608004020050906010023
120000948760580003983000060000240305051030800372950400816390754009005680007810209
068310597250740000300600210020530809006007430935860020602170053500906100180050072
180050923007384050063010070001200590256400000008567142035100087410875309070020400
070200039000385074523007106090070040340502910710098320052700800001024053607051402
820003096190000538060908217940106725030405069006280140650820001010000984080390000
014058020000467198897023600200045801041009560080001439000002050070394286400580900
081350694075014002030200001350401968760509000009030705807040309003790106506180200
900006003170005900830940001009051730568430000013000004395160827021879305480503100
600900028420000001598160703800010054056090010300578960760040105904350206035627009
900024800607301000421568970200013705150680239308050104706800500590070008010005620
420050831150402090008073005005600910040500670769318500070261380310800000082005164
425001800090320051030059207060010008904280516508064002709042603340890105006007020
351070004204800000006004053000680009068049027970215806517460090832790005040502710
681300740200061080005807620300009076450736910790008050047095100000084590529100804
007030002504009086230618074360002040401057039008340250076000020902063710040271065
014800950900201764506009018095603082430080506000010037100370000807126049340098600
040913502050800000972500381010400000030701956789250130590002710060198205021070090
700900005651230479009067200068020094040810032012450600000085700104600058835104906
701306509530720600800900704000500291305601040194078005486007002000409103910850076
000600000074300809230570100361295487057430000080100900840010502190702048720846390
340601905958300400761490002800034509000750630130002040293806054604070200580200003
304807600000205903927100408705008000200054869408029510032080005800530042501970380
830700040016504023070009805000803150600152007251090630160005089328940501007210300
680351472170420860004070090800504000016980037532716900900040351040105020000000749
900040605004051008685092310041306270793000850000975001058160002062509187070008003
000321060031600092006080010402800005680100749510493028075214086008965301009700004
509000020004107509026495830400500710705301080910078056007014298601002000208750041
200000000083050472150370908700034050030680710560701384800003005020810047691047823
502109604010740820740002300020608590870093140601005003904320750050900031107580060
901350002540108796002090030400900081010075060659810027390680070720500618100047009
029070630063801052400063700386945007270300804004720560500000108002180945100400076
600010900015680300873000610041000750050041803768935104190063078007158090500070401
860027159200605074000001236325706048080502300900008625602070083034000000758003490
981500304700934002200080609012600000009008045805349216020095460534160800600400520
094000006703506900106800003867341529240600007019050468058473000002010075071205004
284100360090207504050408900740003006610042839030609040000806102901370608568020070
708500004965214730000080025000700340479321500053040207802405003607090452010630070
906450038008013905000000471100079002480625309029130786000586100005390020801002650
903000060040063580506871304300090250260310978809057000650780030400030020730540816
360857942900000860087206000096041238040039170013700000074300010050124780130900604
106029000059084602400670500570910000003000198914060250300046820847031905620805070
070010042950260810280007060507029080000840050008750030742105600890600471130970528
605408700938007600072019805100580067843760000007004320304000106700040089286971003
010008205000500418508001097800154003000309004094827006900206370630915840240783009
805000610027509300400813027680090403054601002002340160540070200910036740070150890
456100080200009015719045203805000790090000348370698501947506032080902000500004109
937000012502701004041390065008127006070600123210030078093060247080203059020900300
070038021802174500103625070000487059007006318205319000030702905608001030700040102
709000058864013007532700614926100000005370000070009105200064501608930742341250000
030098402208540130041006900150703009382054617000002050060201540403600091017409060
103208500500397200290001083000726800671854090025913000012630750730000920050072006
502008640380260000967103200093614000000037096648950030406380905051020060009076810
708006095652981704013004628000309070400012009029007051175020943090000560036400800
104060027000000000297000000379050106420080395086310072708401609915036008642098701
720903040069000782405020930047809623006000400030607018071002090204301867893070001
600409080749080003005230790060800000498000135250103046500308019183020060924017058
031090000008320905029107643004013056210760038306002100000950024140600509953204001
708305400002710030001640790103250906250006814469800000814500620000400089076002345
904608530500140962610359478105902000400500806309406215891005000240800700006000003
090100000850704060470860501268401395000000020030028610643200009087946053009317806
948062375000900008056780010060518090200007580485090701631420807000003004804601023
805403106910207543030001000040809260701300000028504391207035014304006005050740032
406000070072361504953874000000000602605108000749020308001007209094286001260013485
504000672026470019070628000060050290745206108200830700198560027407080050000047081
810326000703540092500780003271904050300005020050208079087450906005860004406190580
007091320023800469095062000504038090072050604900047501700000108650984073208703900
948631502000080004501007309609023105430510068100800003810006050790052806200308091
564098730200170064001006800000010678800650003710809045029083506187504000650920080
609023571030560092700819000005000003010005486800371000528104067940706020176052300
608195432105002700300874000059613074480950203000000190503700906000000008064529317
520100067700803059069520001950380012002015094470090080045900078208671003007400906
486012000093800602520000010701326500050080763638095421275000806004003105010560200
000030062786201053503084010067902004390010605100340709241560370005078240070003090
100600030380900576504387900001430607093050201806071300410503009900040060038102754
000300720037801090892740610160590074084600051500104006940206307700003069350970002
800430050500090004143026987400873095009000700785609430607081003014365809900000061
900002574800050912425107030104008057596070148002001309040705093010604080000389020
500208040804009072201704980005300067307006400026487039058600200010940058490075610
040357802060084000758000943900501426025760000306200780894070051530892070000400308
817400590000007400023951806000038200582000734630274008005090600791062040060740912
000905641094600008617804050945300102306402000000097463060150000081040596409280017
652709010090086000310042907000070042045361798076028100083050009409000350507293400
008503297903842150020710000089000072042300008651000340194625003000401025035078400
806405170004381260103002904602907458908050700005000620480103090031060040009548300
204051000360002800010436520000070298728964010903018074430080100679005000581040960
200030600007810500136250847360085712570003400008601300002000070800597236753102080
085730000200000301130624785904000002012487003003902417546310078001005906300076050
639700000270400030040020000700302948100879500300054721587130492400298150900040086
040701008720508013508030062400390821391840000002010304280100500070453200905006147
700390605504006001063000082658070309001603007030010864825130006310507298400260100
830015700900043815057080004083090600590307481001068009040802076020130040618900023
260493510053860900849000603500078002790145386600320000006000837301006059485000200
076402000005030746403067190021003604307681200060050370032009000810025463004310908
320090400704251060800064007008000102601802090257100836162083700580427013070910000
000809051005204097209031068501927630700053829020406700008002573002708100060015900
490200013007690005358040000040871900720965048080002000062010530934506027005324806
570609008200830945809005300930200781010098502720503000106002403007086100402301807
250807401470250903009010500008600714104970056026105000002580607045001800807320045
904850007001460890803020056002700640049605028086204009007000081120986070038570062
000387005408100037731500062060970420847005090200640078584700210100820650600051080
935700402001089570080230090800024705100007800754063210076340900019058047008002056
857000040132804975690007800503000184000000060061503729086025007240609310719040200
060835720570204801082000030805379160000080570791600003608103040020500018904028306
002000039107802465064795000028340000450007390030501624800273900076150080043000571
947235680080000002020189570000000937079563148430000260004052006701040029002701053
702500143138246000045007860350002604006800705480675309600920078023700001809000200
073954001061030074040106325930028506682500003000460090108640237050291000020000059
938027064400569300501008092302604100004703605090200843070300008100970050649850030
040009052750203496069540000000362001613900007504700963000830009136407820980006074
080200403350847260410030080061580327023796010040000050230460109806003540100950008
469580030080026105050300960874602059020703004005008071500000810006847590398160020
010065702420001503058092600670250308981634000000000964090503806840006050065017039
080005200421970035700021094210030508600208019803610007004700150502064900160590702
680020340520007869009846000302980706070260134065070000856402073200053401400090020
518290060000301750703500021300470205007000309451932600234708106070040500090603870
030001572265739040700500030170090480023850006050016307042005860090048050501360704
804053009009600420700900368006820500108705004500000280290508136480360907035079802
092438700305091082080000301007000064601275039803046020214050670000860205068710900
643009185050481200800003700508207060070006500120940378405300600097108052001570093
670010084841900603093864000000006712000741008007285400360400071719608045000107860
013098507024360189080010000008100090307052008091806475076500023159023004000089701
670020093003946087405003200009860005081259060046000829032105600004600370160430950
007358090900000045001904780016400529030005807580270403890500074000862931060749008
421008576500247013003160000107600095000801704680059132300072080876400250005000340
100200700020651908853074000301000802080700300060108590502040179710320456609010283
930070801145309006076000900004000689007192543300400710708203000003007108521846307
245308010906071400000020598800700050029016734470903060608030205004200381302485000
400006081097080056000400003970540130041602000200009640052060379860723514034915200
082316005070040020006250048198600570200701063063500102009102807030478250000935400
004098607806004905017052300060280703750400002093510840049005260072046008600320409
003865170105300240760020030390082504004150067016007300002004798970236001450008003
206341080800005603403009701600134007581072036340006200968010000124600098005490002
170600008536720019089403760910340806002050900005067032008000040020184590090506283
405308100001500243029106007007490300010260500642800971006032018008610030134080690
098150060004007805502806910051009048800004000047518639723065001005070396006403070
070020945001985670592040000106700804004090510087451006800070061400260703765014009
641390580000410367370008000004706921950200006206083040165030000000605418420109603
000406120010520007020107000680273459305819672000005013102900780069052041054001006
501279300003040210270003504004130970300052061915004003409580702052300048008407600
002031800001948206608000143300450980980010065165009030010000398040060520273805014
050072300308546702000000495005200037700034251603050849864120003007308020530400086
060307048008402003743008290009086000250700681830045970680003007005674809097001065
738009125051003947029701300205006090084902500300504810060090080040360751817000009
500800300213045809090032507104960003060520714370080006400370005006200108785609032
500067001001002708749081630456173209803204516000000000960000007087406195010739004
302050087401970060800203010903840752084725100507309046700034021000000490140602070
040801600170003928000205701709008004206914587004056200400539006693080400501602300
052070400834209076076300281709523000380040050425000703007105300003462097200000615
001003080790804003305109647920005074057490020010302065036040852540006000200518406
942080003000400009038619425870036502069850104100090800080302900096001208401970056
120085007806040350040317026312006004908400015000008003030702160090834570080560439
304597821000081030102403097836705014020006080751040263000008072008600309075900008
001597000647008250009400371000075600950820107378009042095046813403081020800050700
008150200503008709120390086670032090349010872000970060910040008230081907007069103
960040321810052090200310060390580270540096083080200009036170002020405708750020014
087453910005170060421090007100700203043005100000900746304089605060017428078004091
084030920076250481010004005107542030800003090040790150000985200450306807238470060
090508003701036205850002790200790061017600020560203804978351042006820007020000038
400508607635290401800100300000045008186003045704901230270019003503870090900002874
024309150005026030391458060000081000100045890500700210760092041900004627050617903
014058020000276154275041900900087201042003670060004539000005090080762315500830400
548007300003059080090310245070935008082070600910006437830562904260040573050003000
100500693084692001650700400408030915710850300005106070040001560071068209206075004
070280001005703082206541073043008210000302048000057396691004507830070060400126009
690000204078290035030465700010076543700120890800054020507042900140500302309000458
700029301430051009081003705200086013800070650695032008078605094020390100160008037
500304970649107000000005100784032600001946027290018450020000794478009361900000285
021780603006001480704039050010850904803247005045000870359400008070190300002308549
080401000530000241004002568973000010200004709410300802045270196721940380060013027
070008005069053740203470680006800504004091803385042900002006470648020009900384206
000078300000040650709352140001200763576103429002007815607010034004730201810000906
620100405410002300007500002300420897200357164004900200138295000502684931046001000
352896147600500000100400620005080490200901350893204700507320800408165079020000506
560307000029860435400002601093004800000196040246500719604785203002010067970003004
670954301039010067010300002207030000104789036800006175080643529320500700940800010
051000876679851400000603100006000380005389601183460009007502010510798263032000700
692301004040600001008902563430295006051080730080100059804703915005020640069014000
708932400502080039006050802469508300007614080001000264683091547900060020100043600
080710395051380746473569201040005900705006002000807004230900608010008423007020509
945030278700040030800900065090200003087613004260450817610700000372864590050301006
498123000001080304603750000500000901314895270960301008076430195030068002000517003
746000201902316000300002006061003904079041600403650178000207419294080007137960000
002690810340080007806014530907300420405809370020057001078006053030108260109502040
800000400029370586650498003762109034000280601104007050003002910076815042018040700
312609570070203600090400380956002037840376000000800146564920003107500269000760050
005003620209406030360920540070300480534890002080740190450019306000530210123080050
090400700208765914540900030870300040020871003306009872460100007000604301189207450
050203040390706580807590006002830001089600420036000000415078209963421708208060010
906031007075600080800075196002103900009062005751040632398420500000000008210586349
690100004082604150010035908509340682106070040008056700064509273050020006720403800
540103806020809000608020310190084602736091085204600000803010054910500208450900701
020935008043160900596078102309080720684000000050319046960703004005200600231040079
450068300380019542900050700100080630600043020243170058004890260012607405069400003
001300875574280006030710090100850960087024350095003008752401089060502007009600503
050000000603295017709036852300000278078023090021768300090052080037640521502070009
720104830310892706080000005852907064670038020000600087007043100298001403040509602
400806102602095034910027506720304960000600070069000450094563027850740000207001640
005034279300082004049060030780040060006008427402007900524870090108520706673401080
000402630045069127629037040067300085500000096090685700908200401056910802700540900
700532910001000502020149870063050400054006037000010608596324001007800004482970365
040060350209034700083059140308021000020043015405070823900410638560307200034002500
070190408908200700065038901020087105850000293140523087002310060001800304504070810
001300600072461083630785201007090064080603079000807300020906008960008410008234596
004020901680090040079465302700600023203704019061902500045300090307249056006070104
581247009900050478006030100627810304008000520009362800000500703270081005895073240
079430061104028307326170500040817002012500009008002070280004900007381020035096708
001480732742603000009100506000800400495271068107040095300504920204010650906730080
582030604300060000901274305070048592608010037020790160700386019200007040809021050
000100300025608900480903672150007806039005710078400509042536187803029460000000290
360085000092703004087624390243008500006250400800006021038001247975430016400000053
097005408600001300001000567810400009924108073576009004400017020762080930150923706
380200040670300080020498673700063259006547008135000004400029530810630090053700026
007805406850010700064027805690104200400209071102080904908051047700398050506000180
802317006059200300060090182980000420400072630207649010090708040028050700304901865
865137009491850637302090100056000703003060850780300260907006018514200070600900500
800090726005000080040708351000072100500040600084006203396587012752060839418039060
230000050049035200075240390020913486406082010800406925700300040050100609960700831
468000791590007038317068400050002104800190305000005080029840503600020817105730049
500096080400185602090723000300860549820004017900370806003000064765040108140608205
026103700380274060045980000060710000500340681413090007000020439100809072259037016
200359670190876302073000008357062004024107905960085007086000100739510026002600000
390764008450810697087925431010600040003200856840009070730080210100402780028000000
030045070072968000564732108301000050000057081720090360056200003013400509297510046
082360005040500003301048796705004680008706009260805017806050001000682574524003008
007580463651340000004070095370000650100836700906107830060413502080000300513260047
056090800910805702030607590000002106460951287127008000089126473001009000670040910
908000000457006301206070095169042073780369412342507900000050130001003000573100260
000010302617530890380460001700620105153047206006100007200094700931206050004050629
050710930080500260914062080023895170109000020500201403830004007790103840005087310
300290070069400010028063500000570400914602700270041039003720905490358067650010302
078000046001432070024860305007120650052074100043008702480715920210089467009000000
690312500352706000018059236060004050830001900040600801089073610106940380520068000
809300710340207006500910804050603148608140000094002065210409007906720003003060921
060902300304507600089400512005800020670340050408056739207600040100094083803120907
641875329900042617002961054004613000013000400060720103800000001007230048405009730
063405820407083510050100046009000000800036900700042638201309065374508192000214003
098057000601090587005803921000000104916020738754001290082000070000712865007930410
429800671008419502030060000580120709706000120010547008000280916290050400864901050
015000769067901300300657100001060830038149006024700950150478600080300410093200087
090008000486179000275630180560013007130980524040750000604205038050361040900840600
740091305930007820020036090067159408013702050009000207300608040092470183580003600
795400180600190002100705093426010350807209014000046020070904261560000047209671000
076402000005030746403067190021003604307681200060050370032009000810025463004310908
500081060680057403703009105030170900809043700075006834340095002917030040000804379
070105090001986407906000050194603705827000063360708140703060020502007619000512008
200030108078900650015468200190807000087250410050006837000680001720510386861004020
708026091240087050009001082970800504104502073300740008806005107407108035003604009
809005170006074032034082050003420091901056200207009508002590007008040305375860029
000790008728034109910080703007510302360940017092800600840020006079050231200367004
485710002009080001120900870040500126350060080000400590507340068260857019800690754
169030705847006210200017000382509070574001002600273008000000327706328590023005006
300287416041000000027049058030700800975802064008405907092370681086901040003060200
000006000062109703193057426900600050450203607270980034340500260600400070025761049
031658902260007003007002140016005004942061057000209601090006328075803010803094005
004506000000983205000214760001830020709000354260490007600348000417659032308701096
590004100800070059031859206109006004003987605650100930008715003970003860304090570
000514630305007109261900050427056390080730506050040010076098420002470960034200800
802317006059200300060090182980000420400072630207649010090708040028050700304901865
003620947047508600960304000750802039000040700894750002000005200415037806208460351
009050427007430906640090058180074000005801040704020861463289170000010690970040280
867005032900001080001378650109007508034080000080612943410893025078000090090056014
000006704647800002590473860005640087009701520718050009953160208004000306200938010
700029080590070621801406003002600950300017006679042108000890502056704810918005070
610000007504021600300476195006509780097003406003640901030000864245008309760090012
006000080004936051520410063001007529290153000760094138617800340900745610002300000
974801025068000017000475080035610004090750830047002096050008060486920053010530048
739006001620300007148250603203009758050602009910830240496003800301004002002910004
060001538801000007970480006095608042240590001080214059704056013010720860600049005
050100000692348517008005240001604030080703420743002901034500070070001054205487093
008004030701059000046738021304925078157843269900070000005090800023501490610080002
000000405084000210507200030040530872720819304050000061179020586005190023230657049
200385704700000080185407309829734051651000003070061090008003927000970100917040508
745193006603020470002060513301952604056700932900040000030809160060200390109000240
095380014412050600000610950079460008030705140120800506000106290261090037907043001
400009810908400020107823450090208070800006245624017030500162700006090083749300102
103200980040906351007031200480097500030560040920048106019400030370600415050013608
073400000014006035090783241020040950507931002906008073069802317000070806738069000
050041268200038100800206037102693075947000003605027019798000300063179082020000700
605390017000400068874106300080003206210967800590280000060005041058640730349720005
080401000510000842004002615129000080800005401450800709061530294945120360030049057
000006070600841902089025040060074001300500007071682403000490605890203014745168039
370104900064209870800700043109045630056070080080620409907362008230400706600007304
001300580807506002092048061300670009010900674679120030043850700920007058008201940
825040900030810576701300004083200109590003062140905730910020040074000205250400691
852749036107060004000500290965120873008300605001850000706405029503902001400600708
040900053572638010030001260780540602004076380360200100407812936008390040910000500
308009104500100708710852090003500961165098030070016800050200080241905076800064502
005009076100400209900008514008001432020306897000072651650104920809023105003960700
000041062000570000340629087760234050034107296012986030007062300650000400283400609
004906050620007098109850740002508037063091004908070021090100260340629870206005400
600080002080250106294670035407008093108930407002760010806010009500047301071096280
520608041476013008000020065108062409009170002740009106890200050310906007200780913
070604090086050107203071056140706580609248701800000060014060873005083900028907600
040060350209034700083059140308021000020043015405070823900410638560307200034002500
251980040680001900000360200004590308819030004365814029978200056100608497000070030
894050036000060041201438500946021080010740902070003014035072090609005407100980305
003489200070256903200031008410623895008940130006000407049108002302504610060302000
420000983000010600360900041730590010216340509004270806100060307053700098087035264
003076295057230060082050030578093000090600173060702509009020010815064027006308904
068045230050030106304620070540000900906512087100904302800007620023481790075200800
349500060060701059070409208007250004452680093030090520013972045024810076080000900
506030802700185096980640010460309257097206001251000903072500030009000028805021600
000391054036000100951064028640800507318605000000019863200106735560900000087502046
160097085700600020309108047076310092203084006001900730017832060030060004602070813
000720908901065030407009652002583097540200003030416200200000070876052040304670529
750901306001000500908357210094500107007608905510094003143860092280400630000120050
370150490041090805008034001035940600704060913060210500500001204010070300483526109
020060308036902400590801260689050723040690000300720906408310002902086030100007859
034016075907304080800902300409703000001090407005400230602030598093508706570640023
379800000000354207054070368040009000800043906937680421190430702403507000700008534
032010045960245007500030069004092071107486002206000504405708000073900406600350718
760050032002040800540623710270104500890000001006985327029076084150400260004012070
903204650608003700007086103006340007274150306080002910739420060060001079001097205
090600050062580379350129864046308015900040008071200900504060231000030086620005407
050203040390706580807590006002830001089600420036000000415078209963421708208060010
043070508021480639000030471198000050367500100052007006814752063270090000009048207
007120603605030200042690150009701065850209307470006002590460730760008904020970080
300100900128607503005304081583000200910872306000043190060038705031050462057201000
890461007140507020003290461000070190201080536460300270384050000917020600600049780
900208641001509200002040597079480056126305078080610030760950800405800009290060300
017903600920140387030050400000608090679304801180070046260805904090061002054007108
300910420415036807790458103963820704100000200820600310530000008600149530040000601
823579000059104720700360800098206007400003002230890564070000100002637495340015070
040701008720508013508030062400390821391840000002010304280100500070453200905006147
015690847400087100680001005561040739903070520000359000000823000896700352730005081
000003052803109460004260398570632004400508930300900000085306701036081029200005683
201030908900081200063095701420100803080973402107800009016029080040068097508007620
580040003390081502004039608609015307008067050730090026800904000910073465403020079
086009253042135670307060910010380745530901860670000100725400300001600427060007000
017800200002070450400120789200600074050234018003907625028400100000781042104092063
640290500005003620230670014973001006006809270080460103000000700307952041824016350
005089071910500002602071509020058300400012706163900250206893045091024060004000907
945081072008405000060007854659140080320800905000509260500620008830054716406008020
086900253305160008092850040209516007567008020400709365801030900050000810900280530
070040009058703020914052008000430610300217090092506374469000080837900056001308047
080056342030800607076002510008400750000027834740090260060300120390200070217605983
208509710057000600010327580300902006070034095591080032740095260029041350100070040
203706058846050200000802460000010607907064020632078904021085706760100042400027300
900080204600710390814230050000090803189070465340865000050140906700603041461900002
004900307970345082108700500240650930053894021009000005310079850605103704007006010
980006031601002700400719605503900006190030540020675309708004053049063100300097402
701602354850310072200005900070836095069040000180097240005728060300960510048053000
006719000097528130120640080080270491009380672742000003001030000008902010274801069
038705010000108005901304076495000168067480903800050047102509604379040500006010709
800350620935068000600001583068100930090605010250903806540030067106749000007500294
003604058546090370080015004690103702008549003014000805807420510001050037052730400
907250048052894360080037900006080001708605490509341006403910002275060000001002034
070000004026090001890370002205780049961032070700519260650043807307060095080007316
800049610041206073560000984307010895104070236659020040200000007430758000710300068
540090380023456790719080500135974008078020100060815000680530007000000010207140639
930167205005080709024090100056731900003900610180040503001600850807015062502870090
506390080400007390830021706052709804007450003304600907068203570200105408705080001
034027509700050006068903470647502001800160207009040603400280900325490708080005024
400957000850201037070048002794800650000004180008090270037506940981003705605170308
831009250004002000900001064300207400020004500600518070098425631006783920253190740
946503002850000316000687009520074603691008050000906081400300020205709130170805904
210090347300048000009200150750314689804000030060980072421860790536720004080450000
710008530930216084008050900052183697107504300003000005000600403624709800370045209
609000701718064200000179406001056009860900507305407860900048120407000030102635970
789060401000187009106400780004800915502640007017503600040036178360050000970014306
030005684084010570000384120072000090040002801810560042307890406058206017096007230
002900800504082193098013020100690008045000930906834015251068740007059060030020580
056839107130600049020001600080090400394100270070243091003520010009300782712980006
004072905160049007950318200340180720009200680608090351481003500090704108000820400
100934527305002000094600301700103050810509002046700139030006970950371006680090210
506840200800390060903050487058903700200004908140085306301060509000530040495170630
629150400043029860708004000460000208372601540985400006090803050006047901807096020
004036982600004100093020400030400098081200050407890600719348526345002800060050347
470820006010679003062000875240008059700056104105390007001030008820067501350480602
000214003903500408004380701600703050470895236502001007000000012108962375025108040
158036274007020091200104000045302167009001052702460000900803040580607900370200618
700513600000040705400700938104985070000672491000031500001307862600000149902064357
082400009005021380140608207610300428830900000500846103090107540006084001471500032
009320810260900400803071906300050781507812064106700000028543109905000240004290050
040002305123060407960430802080009501030180976009000080650004008298701643300020159
065007094739040800810090275000704002001020400642130507000281603320005701156003028
508060700790024035004079012150340097007006080280057061312485976005090008009600100
029650178705180600100900500257800309600219005900007046573400021800020453010395000
563002814108050002000318000630024109874500326210063540007030400350009207406100900
089007042610405870007082500703050000008743965904060230096010028071006304005378600
281590630000100052054702100428309000090010823030807940840005001065901270010603098
709042130601005970400901006980006017210053680070108040800500493193064002007230060
401800503560710890039405070624080107105037080007002950010200340053060718040300205
500609070062070900970508316800001200291047600030260189620350790010790860740080003
349020851050400009120300407982160070000007500001234008034671000097503146605040703
067095420194286030050410698489560207002000004001842069000700000705004903340908070
940762108000041090137000402704003210026907800500204306608020743050800001201436080
601502094054100306080046005000010050018200937975438010840620500027050863006870040
100047500248095317900100006350080061014060080600713950060021075420050190091470002
801007023063280107020000096637005982405026701210000504000370648140052300078400005
205000630090061208078523004100000095907214803830690020501480000740052186002100049
096824710700050600402100085670030000024078369300601027810490030003200571260703008
183025049062948005049000872001450090020687014670310528400073000017004950006000080
590010673406700205207305004005000302604000900020986007801230706002050039359674108
000004079096301080172098064063810007007009820904032650600183002830040016720006408
001908004400031085872005903748302001000506479690040020007204006056800102024609037
510080630608430201040005807000000069062003175407000028830754902020390006195020743
014058020000642581258031600800075206076009850020004317000003070030187962900420100
073048290208970030450362000030209561805000003001405827900003604347820059010090002
803002590750034100009501072120093060064100020070806941501607238407008009080350007
037000001400107020910264873800000107140702009570918204002370040701406392304020700
040030061836000004901000700490061382620309017308270650009453270000718900000692130
560020000002705168701830042453001700079302085000057930905003010000610054614570093
008567240509004136040019080090075621120036074060801093400092308000608950000700410
807509004960038072305206090208100700704680013000320908150963407680002030400850600
720485600160039400408106502040701000251048070876090100502060730390007056600350001
007193600610200097093600180900030800400000200260980413080325706702809531000041928
900052007817306052020400906078604591005789000306000048482960375000203060039500010
003900210109208000402153000004731068735600040008490700206310807307809600091507420
080132796032000400009008503270001608601845230043027059058704060000200905027050810
050000460302400500496000238907008000684971050100064709009730010243819075071045020
097028000308700426060503970600050003531060082800132650903070001710306290200910507
007306024643000079900047000090063758800070930736080142389050400465000003172430090
200090074319540680400102900050061008836004201070025309091038406643009017000406500
059030067100670592270019000827195630001020950005080700080901300060053810913060205
005003620209406030360920540070300480534890002080740190450019306000530210123080050
860002031200093508305810002008050006720081309150320704900200005513960027600105093
734051068659280010800040709020476980160000072497802630040068590900700000500190006
000700000065090270937128645602570030709032160003006027370600492106309000500207306
509601084406009102800074090368042007900150406005700908254007061600010209700236040
570912004198035206304600500051847003807090102903126700002060000000784009400250680
020300807100805049486071003052098000049200068008740592001430970500087021273009400
907250048041837290050049700005070002209403560103625009704360001328090000006004023
800061025046300819050028000028100003604093002700852106975004638082039400400507090
601048720700200040230069850072031068403802000080050432906503000020170396307006580
000500621201086573050072008030600084900850367760304210087200030690418700010009840
908507462200080010340206009480053600500000890002198070100079036790620148826040007
903067410105030000004910356831095027002000040400682103010009830349806200020140960
100670029079300184020981063001830040037106805864005001500723010000500430302400607
130092750005031040902008160020016005603705401850003097014050276070004010069127300
080027000703000691046319280402950836390400012060032000200180369904570020610003004
649105002170008395800097416000529081516873240008600507080000700200006153700040020
800300126010005000436218709760801503092006870080590060001604900947002630020903017
000006000062109703193057426900600050450203607270980034340500260600400070025761049
600409080975080003004530720020900000589000264460208037700605098298040050156093072
024000050005821004730000091002600137470392685650010429506230918200004000080160540
001705680680031900945200710004609850702054136568010009053902000200046300076003500
705090380093571060001040970407005009286907504000460708160750893530600007900103006
643005271000020040005007000807230910290000386000904007570608439068379152001540068
058000000200609070697002183024005600813200759560070024170908306986403007300016500
059200008703890120021306079045600290038150000672934000014709300307061940000000781
600475890490000067075089030386090070040036021010540603700310059059000048820954010
412006058067350090903080007020700613736100900109000275308510006005247031200063009
427500800053800942000243010346185029005004108080030400810702005032400600700301284
048601002700045090005070401079026108034058020682700030807190000250460080093582016
067043890210006003030508706305980672006030910102605000700800039900057460684309007
820003040001040805590861270038020014670154300010900027750280401106005902009016050
000000417304071020761092530406200000050000243103980765500149070907300102618005390
649080300051037094000406805496052701010004059700810400984000570500948130100720008
207518300100047200948300000031294050026031400080675000600783001810006073305029084
409000763537614802820390145600009200900100084040026570164900050098000010750001028
310008407400072109062049300050823976006000010938061050020036040043207090690500732
004070093137900006960305400879031004040069008012480000206700901450000672701624380
057030000032946075400005163041380607800607001306400508205809014713564902000000050
002030967698700300037901400203078590000103076081600040075014080310206709020590034
020906003800030010613085942100568070306090824970200005400050090581620407030870650
820390006306800794500760200048016057005000940901547008079080030450003009100659472
090700601032091500167305890200158300903070106510930020041800005620017080358000017
521400000406739502973510000007090004610208093000301680054007238090803401008120057
107290004030500100605041238200100000304976850906002417500817320020009740763020900
750614308604270095002000600075002084040783006068040703500031009106500430403026501
400700659009640002276805001002000005035124980804069307008900760047286000103007298
408030070000417058721900036260004813104008002500261040645820007000740305370100680
100960724050082030200470805090720000812650073005048001708506109041097002036014080
807429506090500200320070098049607820600052047201004600004005060753200084060348015
046038570803014269205067380092080430000405190000093007020306908109050743307009000
090702385080006100731054002005091007207068450049005016023540708004007023078023500
908321000002894107031700092046010073503040280700530600007402010090183705005076304
695100087000806190081290006013900502907041300050720910034670029200010605069480030
700024001690080400402019683325900700048057369000130200539802040006490830800005902
070210863650790100810030007900460508060053400140987020096800200301509084580326000
003065170004019000000380295650900028091028650208576931009000510035892046060050009
700601023001309000600052091406528009830197004050400872084965010960003240300000965
942730610005810300300600057094072501500008000807501294006940825403207109280006000
000000417304071020761092530406200000050000243103980765500149070907300102618005390
001005736670120009904607080017590800400870091092010650036450018008203070520001063
048109070307520041050400908010000256470210800029385010931042507000950102062070030
020000001170640308003208070732890650940576083005300000086457102090003400504902837
039021046200603900480070032900305064060097300543002098008214605074000820620730400
020100046540300000901246875004037108073901600052004730089763512260010900005800400
040300080000026009027504003470813200200675308803040057714238965580060701009000820
000150406412700000057034291540020100000019520720000009074360010283941760005078934
261450080080000750007823140035908007020500800870310594000080021018064930692035008
807006350500080247304200069400872010008013002000090038003020685100405973065738104
200510034341872056900000020092700400604390002010250689159000300000965041406107095
209000004687240395005800201000614039400953082000028040720400010000392057594100623
508031400009004002402905731000060014043518920186400300230846105600100270890002003
000209070360047050742600389800095627607080500501760008470018000005370894906020701
070000004026090001890370002205780049961032070700519260650043807307060095080007316
000000900007800023090316784750900006064571298910602530489100000601090045520480160
746058002300700905091423067402600000657039020000040001100074583870315090005896004
020910785915730064070040000059081300000407051641020890580209403104073020300100908
560408700307002059001057630890700160100094080270806905005201006010503094738040510
002040306694387020300090074028761053040900002706002180489603210200004030100820640
156780029009400010004091058603510802080070140901032070007008000490007205062349781
800954710000801002046072009428039007713000040069040020300087061674210090201095074
050870093039000070680439025061080204904312000820064010298140350005090060016700902
200500809061490730350780006402016580680007390010809002030905020904020150026130078
920010006076539400004700859300040910049127530250080004500090047700056093492071080
207801409060230057054009001085006100316400098000518630103005080040680013608120905
190040806528006074074358009702800010810073940300200008061980005900400081080631290
508904102090002085400018709387405206600800000214700590901000003803159607000683041
030064105165827349042000068600040582380200091251009000500490803400310056890006000
089020700070590030206347009627405100904006520010030406042800367003270051790060204
607920080450003006100706342970400020003079410204508760028000604500302090091645230
051802000030504012260039080086003127040021009100708054000906501094307268018000973
081020000603017842004608500430070025502400170178250006840190253010702680260300000
500304769607090002904627800108040500356089247709000000460072083290000070875001620
803006020700350610061084309020043087480790050079800062038520000010067835607400201
090106040102005300063480917010600503056073000809051476004560001971300604005910032
800712000003596708079384106740900800601253000300007201900408510408105003157030400
306800049108203006020760031004007008890540062503980104402050687000408900789026005
352084100980070025741200300008916034004350902500407601697500810020060709005709000
030250060048010753560804010010020047472560301080041020020093670304670098706080030
902006380840295610100080900309028500000960142624700800508640030201807450007500068
901008020507260300080057416030172900756300100009006734370600040810740009600015273
009800047048012500501497002005000769067980030403705021300270054870049300050106270
829300046410026090706000258000002009002000830568109024384007602600210480251608003
080010264561490038400708000200000807800259600196807305302170906010526470604000010
801047203030805670025001008300409807648050009010260530583100902090304710004502080
316029800250340060400065023120007000075284600864031092732056009690003085048000000
010000625008527000530901000069054872274180503300206094001490730090610240420708000
040801207020350849008402000086940002097625380400183700800000160000004908210568473
000400530071050200835200049602090175314070906907001084500040890029865000108730650
923001854001908007006504300089100706704089120100206008098610472000490500342800009
002014078500708309798003200830197624027080035040030000089340050001002083670809410
300001540000002170020450300918370050067005803502849617005620401103580026200093700
789005060050130207020607580430062109097010058800750400040576030570040816063200005
794000600002569307500084201140056000609001835050073064001020970307490006960130082
051730409023590060009001057306002940000407602284309010002670190490013500160005280
080640500700328490009050683090261000561080240802400030235016000600900815900574360
054071002639054070001800050108435206002700580596128700400000029013907060900042810
015079823080403060067000091100060004040051300796804052804125600030700218021098500
040700085006580347705030602402100006007060090009408271390210768200643050560009420
690000204078290035030465700010076543700120890800054020507042900140500302309000458
024006013710803060009502704300280645958300100040107008463098200007600039500401806
600050010510069203079801005041020706390074802705603000107296340030000601460007529
360842000502031007491007382075028946640795003903100050700486201000070004034009000
040700300301250700057830020006310875020687490078090200014500982700126534030900600
060018032358072910002600004003100007100080603687923401500091008026300079901807205
426013009009806013010900205694702800201090607000051902002300500780100326063285004
407060008803079602090025740000002071730058420245091080008507004012904067904080105
010082960039746500605100480960421050048007030001308600300004215400210300152690070
040500703607004182801260000700003509913050070065001238000036840380700691170409305
400082710268000390500943600806409000900810457074005809001530972040701580795008000
030652090592870061070000520000090200814200009920134786000046005149085002056700948
000000860170208430806350007005083209690005000783020054041500728967000501258071390
670001509400080067309060408002009300031075820780100956040050792057090143093700085
053810090780040051001063480907382514008600023024050000679408135005900070800075006
920143508503000004800750206380090020002314097097006450205430089408970002009800105
300450706504003008620109045870200460245637000000800572036940200052306091009001604
004072905160049007950318200340180720009200680608090351481003500090704108000820400
019240008208070630070085209003006742021039800705420100002800065186594300040060901
624000901300164050001302640200016073960720400710040206500201064030070009176409320
700000000020304910594178362200007859809021030053096001905743120107600590002010006
070012000020000487945867102706504398432090001000130020100240809504009210290380006
032010045960245007500030069004092071107486002206000504405708000073900406600350718
630052019000048360412600008801074030004080091065920074140005080500410923027063005
120800569003000001900401200049015602350608107061004003296700815407580320008126000
987100425431050009600070813200041300060080041140039057000506000090310604816497002
000045370541300089078961500003000810024000760800007925460009238007080196080023457
501306024620001500400805607907280050806107009030009178102034085080560740705008300
501360820208051603009002700102970580784630910000008007093100005600403108807026430
785023196460198003001050080000700800508042031026000709297501408000874025054200300
037006041425931078000204000690543800004789310070000090000367082080095700703128950
085007090010000802003920410802571964650289000097003250946710083570000600000605147
316029800570180030400036097250003000068241300143075029794012008630008012021000000
095206038038407062200900700040025870501004090023079604306041000007002386902608047
907250048068143970010097200009010006306709420401632009803520007172060000005004012
180356200090004081320001605050000973609430020073529060000100059761085432035042000
020307061430610509160400070698174320002900708300008090903041007206739810040000902
350007020709082051008590740085000070203075480090328065940051800030840017801200094
596038002702000003010706090075160400209507130000289070604072901908014050037895004
005600014036512097910300006294805100073900620000037409042053060050020700380190542
710480062890050070004730908070040090080300020639218745900500000027061459560970201
960008001400071092017620083704013806006090200025706309640002030008960024071380065
097000428053407106200918000086090501025301067300760080600109752970802000502600019
902030704680421590500600080200540308074002906035068020369050070000780039028093045
096200100800045703054170862009450670160937024047026000402060037000012480083004001
020005630870960142010002500060038004794510328058000710100300005082090403007854261
830027951097360482540009070050200168083600004619054720470000030005706810001008040
690007530357019048000530700903700800004006053205943610740090085009305060530860079
982017504036800020000029803640250390305080400100070206004562109003094082069030705
120008643670015908900630100380247506000180300016903702004029001892000005030874200
201706530504093010360051090080540071037008250102079008803007060005064923029005400
010000007008302059005017468040095726509761080700420001000030040092500613453106972
580000920039420076006591300061807000370210654900004807043005109000130080815046730
407200596063705800010986470731409050059000004000053069170008025006504900500610347
070685130000003000005124870080310257592000014037542608020407060009201483003950700
469058200200300905005402016800004001346209758002086003921875060070901502080000109
243910008080200009510080042126049853000062497904805000360028004400001305052090680
040852001180090026302001075801004030034010608070638140000189560916000200708046013
642750810003416290591020470005203000000197358010840620069004082108970000050001007
700100369049062008680705002001873095508006207407200600300908056052630000906001823
040070035380609410065340800673018040009007083500093701150034208090085370807020050
200703084100009730700451206417596028803000640062000071600900857079100062080670010
598671023000009850120005007849006300007932084030040605060200018712063040080057036
608530240450908370030010050700829610290000504083640900021700095504290038070304002
600409080975080003004530720020900000589000264460208037700605098298040050156093072
000104873753908000108007605600201450021530768580006000310005900060790510075802306
054070108002560700390801650500680017803002500706105302200438960038900071065010003
003780560750000002002006003200614879040398125081000436504039617008500000079461008
730000001006742308480309607241630700057020463000074200003007094094083506078490100
045978031807210594100005002050309107010750009400100053081020040020504908034801026
400980100091060000052703496069802301030100048080530629508079010920051004003428005
620100405190008700007600001300580942500964813004300500439256000208741639016003000
100520708579006002600703059020034070905001680017065903000100507058647290791300800
507210040030074615406500009780690000300020186201403507004057030003800052958302701
017305020800200370250076018670590031084620000030010264305062007760009502001450603
060830000059104078843750609172903060930000247500000193617200034308000521000300086
060830000059104078843750609172903060930000247500000193617200034308000521000300086
602850904590003026007096005073510080008607091016900037704302009100070263309065008
643009185050481200800003700508207060070006500120940378405300600097108052001570093
093100004285040603600003798067090045128300906004080132400079560806010029509630000
109067483754008006000140070492675310000000600560021709987453201200080050040900037
700236810083009700102700950321680097506092108000070002037004001008960345604013009
050870093038000020970362054046030502705428000820056040364210970009080030087600405
002600100800302079197480063000941650904200031521700080030507810015036490608100005
078001239190008076304076005953010060001060903400500800000030547739045018540187300
007628594829010030400030008100094680932850070040070025560082007200007159093501002
803004706400058020702610480634081207000400003270065094520006040008509601109807032
906000850850360000401958020208005400005007936700409582010090008320841005084720391
570010406940062080020403109010609830200084615685200000058190203300020540102340090
206910748840725030000008510908100004004096300310054906407080160690470020080302097
500870903719000026040002175275910060060308710830026594600280000080465000402039007
082140690090786025005900000030008019976201804010390570849517062601009050000002980
100000250732540168900182000009463000823007540001800973000071400240690305318004097
809026470400001698370090205001748500034015080005009104567080900023057806048102000
096250401080604325004070000030500710027036950018047602002405180000829507865003040
200080517004650008038201960947010023085300070362097145001900400450108700029060300
070203005631705240502000713700361000053840160810500400107900026080000004369470581
090004320034562970207080060003058196071096530960010000086900200019605704700031650
400503100860400900032096754017068032040200000320740695680050047790002016200674009
005014206013700040204690750108000020700341605046082097020038509031409072860050003
007500204549270081300408500930705000804009756050804023008600400015047092073902605
040000609136049205095362140402073010070050304910028056780236001500890060009504000
007560903003407080485020067209005070048036200006092458601350020094071005050600791
307000500806907100004135000090450378043008916781000050068070005430500082275380691
600400509020589701985060300004273006018004200230100457062907130049305608050006040
609000070002040139400071006081020307790150600060793508907315064008067021046000753
007504209529010300030809570050187493708000050910405007170043080004078105860900034
300100000602804013904036287000041025567200040420053890000960072796005008048017609
580390642000400037074002090005174003023958704147006900030520170056000300019003485
001780002602593100809000453260005019004829037308100020080450090026071085015008706
219050306700410800845362700092800014007001235100625070050296480008570009070004003
000508007248730056057624839020073040009006315013400700530947600700362504900000070
140207658000600000256410093760580034802106079004003200307004900090321067680050302
309502000482137690571098002840310500053029046290004300014000708608005010025400060
026050734009403002310067050000906008980340006567010493103500067005004080098731240
002103095035000007601875430560924803028007064010050020070490351200000006159736040
701602354850310072200005900070836095069040000180097240005728060300960510048053000
000000160238701500607590302140276058902008031805039406320040015080605270001002009
436290007219078004507000120864100900000700641001004850692305700700002096048967200
005130062060009085000086900670840291009007050408090673730010529500073040941050837
100600030380900576504387900001430607093050201806071300410503009900040060038102754
000976000462800793980003061004139056320600109106008070740001600038504917600092030
700014003040070051612350904100400632800605400436701009578002306000500740094867005
894051067306800059070069020167900003000000790903002000758014930039528400400093586
045008039060200705087506241300475806008361900406982510004000060600029407750040100
800536000907010563560070120650407091002059080019600750290365810300000006076802930
307500021025400083004382007800103009501000046970846305200638054750010002460020108
320000407509040860146090003035428109010000628080000305807630512403910086001005034
619000470302500090745196802078430200000200000293860754036004518000050907407018006
729306108304180009080000406000600800148750020072800590016597300005203781237008900
250900007060830241043107900035274800472080003000090724397060052018750409000019070
067321804030408075000009002045102003703600020100934507009210748800503206006800359
201706530504093010360051090080540071037008250102079008803007060005064923029005400
426013009009806013010900205694702800201090607000051902002300500780100326063285004
064000705001400089987600043050043070006900320302070458809761500670584190400092800
540000093190450800070918520085620349200030005013507008004070682800240030627309001
510482300080000409402693000127006000906807000845319062360904000250030604704200153
000720908908053040204009563006132095130500004020946300500000030392075080401390752
980026004265471300140900006030002471800704600006135900650010207312540860000063005
860070053010320007730860049620507804541008002000602501090750028406290300207080906
000400000012967008003805020900600400621580370074329806280793140100240903009050287
750960083860000907200007456010620000609408002400003091900871345100540020047392108
043081090100400080809057413904002105320016070010048309600793240497025631200000000
072308659635749120090600300040203086000560034006480090028976400003020005010835900
970003254080670193000094807830060005005007302709002648603750480048026009090040506
000020500901063807538041690003605204704082060286014070009000000870406951410200736
057049001841306509000050064030400600460003752015682003186030020003204180004508306
501024069000760050936581240000150094000493680405000102254037008009008573780900020
870301060900700001401902783300610204140009800086407910519076002720050698000290050
360019478740506900090740160900050307178034009500970601089300704007020890410007050
007630009059800204608950701080010607195040300006289045800100076571468003900020508
041069002536000097000035486064391050058020049002408700610503000270840005485010073
010020478034687000970010062586070049040205706002840010800130024123408957060050000
847150900290008034000000800008796045000502600605800379050910068016284053704365002
590100284820400000070289305000900600369508070085047932032004510050001023608352009
190040806745009032086315009804100090530096210900500003072630005600200074050974620
007003650003078900451062708710639400509007010800001397295080160004005070100396520
200003057537061240006057030654132089020070300080090104000005010365714092402009503
000000135210079000063058270050000063098610450000830001846590307032046918109083046
004506000000983205000214760001830020709000354260490007600348000417659032308701096
030460009091370600065100378042009716010607000570280403950010200607950001100026945
600312500930005806104006032009063028263170045000059300705030289300097001000524073
000063009528000460309245018901070320050320070730081096003658107075900030016002085
000260037027490805003570692090604000300159086560702000712300060000000520459826371
843001205102530060765000081007610830901000607004003000050280913070046028218095406
030008400705460208084590670802937150009081702071000300420050061903810527010706000
827954030100068250305200840208706310406023070000589004504091060000035001080002593
003410020846902007090500634137000050009073408060295073000054080305800240684021705
350007020709082051008590740085000070203075480090328065940051800030840017801200094
007309508028705300350020607204950086005031040091008053840590000902400865070082039
853090106060815009009600580032000408906381005007029601400063207670042010320050904
900800030062943085380060019020600098619380047050170600207030050006215004501090362
239000405000950007607314209071006502063085074004091600002500840385140926100820000
806503497504280600090400200081760005005090780067035140700901500059300802402650970
690250017402107860007609035209400781860000002000082003501096370040023056000514920
180000537050703040730458100861300450020500001500261903400002015008140009315670024
004872065052913007070000902280050043540080201000204500708541020400300759325607800
762419000145300002983005000631004780007581300050063001524036000810040250309150006
004260305630000182208153000950007830003089021061032007320800019009301670087046003
000507001804209536159000020940062305012003008006084219001320007260805000305470682
097802050060197300810050207300010065146275809009600142724060900058021006600040020
390764008460580731058231964030800070006900482280006050810020640600405890047000000
000738200000009080850016379009400138340870902020903407500300094082090510973054026
098150060004007805502806910051009048800004000047518639723065001005070396006403070
062400800003251706470030025100805000738100259020790081304086072807310600200900038
050041268200038100800206037102693075947000003605027019798000300063179082020000700
590463801423000060000502309280690413001200500609104008954020087000819000016040932
040030061539000007601000500320091674890603025106520980008352790000719400000468310
405000701100746305003215040506490003048302106321650470807000062030507014004060007
001860590582004600007000438090050270120743906006080003210400060658392000734006829
001360045370150290520007030030009516015406000092031407000095802768010900250048170
600084050201057480048290600005428060026000748400761000309805007054912800012006504
500904731003100000178650042026409508030500627805760000090040105081095374350071000
740302965930040001026000734000034002800020019214689003080400007071205000452873096
002046010500902340476300890847560030120400705000027089083601924004003108290780000
200930061071800090630401807413678052002310006060000083027500430040023605350180009
500829030490501702602407100020900003030005064045013020051390608060782350008106209
093002010152309046000510023860253091501007802004100007608091030000430109319800670
758621000900405670006780021510200036090104850002000197039847265200503709000060004
020461503000028647034700801308009215250100006146050089080010000410006358060032074
607030508050007963098265000004006302060040071973821005530670100040500036820310709
580190472010008000097205680240003100309401807100809340750080900001904705930017208
106029000059084602400670500570910000003000198914060250300046820847031905620805070
031500460057410890480300501710600082046800005000900006002730658875296100004150079
000005801015080260602710039803240150259108003061500002506001008938452007107006005
003500900960807201280306047000000074079435100124670095012000780030182009490053012
407120309681390004000070150065030017074050680010786090003860071706510042028900006
002036400580170020030048109000060247100003085640025931070004093000917060869302714
203704809000506003961020074305900042092405081400260900034170200070040308120350490
081350694075014002030200001350401968760509000009030705807040309003790106506180200
107540836600001070034000000348760500000024380020380904470250610200403795513076008
030060710504713009108004053025609148000040305491035000003406970912050480700901030
906000850740560000105894070604005100007001438200407569060010005870356002059240716
038005904502978130006003050280007605057860003600052780020030060375080401001549072
000004079096301080172098064063810007007009820904032650600183002830040016720006408
600582710750041200281673000007069105065307090009258007102006004006735000538000906
700008032052470060083201750300005600507906203620704590004000070075089304096347015
000020310023900650196354008050060807217038506008570003401690002002100985035702060
900578021000030479100040000693087500215469083078050962060004030850326000329005600
800904006017050280640201950090507860085602790706009030060420100031060520270190043
000049203429008506005610948052897104000001090941356082004063057003900000810070430
102050043305000908479010056726130005034506120051027634590078460010000080048090000
041300620700280514590016300000945001457831000019762845000600400608100200030528100
900600057617092800050103260581060703200830905030015080004306570375420098060009001
090080703007320501143076900002960407038007610609013005704000106006701204021645070
103208500700613200280009063000426900427395010039781000078150690540000780010067004
049020600780601020001904387100086792608700430520093000052070006006200073073165240
729306108608950004010000609000200800196830020052400710065183900001504362473002500
001002809089075063605890070450918630010700090906050107130060700500007006708231945
861900453005048069490653100758201040006074821042080500509810604080039000000000970
903052067408900501570000940730009000285034706009005318050096100890070053107503089
000057000794003602050960008561300280307010000480726510035600824040095001178402960
010060408390285017860001003087043005001008370053096840006804032030010780428037006
067321804040809062000005003035906008604500030800437609008760915900204306006100427
807254936400390008009067214104030805000015340900002160601548790008620001005100002
103680097675004021000071065502708910008543070407000030309802740006000053740350089
643971002290850004081300609000069040024507906069080500300020401050010768406098205
009001300301690852405830100013250480940180023002900001104708005730025918020010060
040328091230105764000640203096204008000069450420000079002903005874502900053400027
024971065009500840510004700790082134038190000060300580340709008907006410100408027
370800000890275403010040768630000090107906305009732081205010030960023804700690150
761025840500986701092740600005002304180050000400107080600008002247010590050294176
937810540020900701100072800000305028095208017842001005009504186500000200683127900
070003000956408302308105900619547238035801640004600005002014063100286000860309000
384509270000007408000040003020008365005720189890051742950270010007080934608910500
041600259380049070500201080075492831420080500100700600006015020207300018910820360
602394705048050203005008040060030510030586027857009030983100472000802009024970001
003025008090370200000198573942867051805200947137540002289050030000000000601902480
980020007040108093603704820002935700809070530370006902730502000506010378008307045
190078042237694850500003079005986410480700506070345208000409700704001003060800004
000301420040897150195000783000000000937018002284006915013002508576000094820605370
009300708683574201400200006395607410800120000200050873702800904004700180108946300
901000674038000205420010083300046097106009028702001006800003751010070069579160342
006010007140850963705206040904082300280075004500900278410520006000460150659030402
300540009065270010842000675200650031100034507703001400638005040509480163021009008
050860000104090768860714500000000109081279036002641005200180050315020080698035207
609000070008070129200059006071060203590240800060381907105628094004093012026000538
301080250050326100208400037506030000082090563030562410640973020109200346800040700
200100640570039100680052700806204539090010000457096210123065870000700056705803020
205098170038500209090724538000060000072983015081005060004800900520641083017039004
015026483030100090820309007160000305480260710500431020207618034040000650601540200
710800003280013070356007890931020060070496130602000900003050009897032645420080307
308176025090024103210000008034901060170060009900407351480605702003000500709342810
105600002260781503800002160700890010094007825310504070980070000500130496031209708
000508007248730056057624839020073040009006315013400700530947600700362504900000070
001048090769120304040007052000594000510000908923081465806402013005600029130870006
506000000271060400003020065000200003030796048827304691700630124018072956642010030
091547382340000007508260100800791025005432910010000703056300879000905200020806401
010306005040780096863050041207100584050824079604500000120400908976018450000095200
109700052208900047407250030005400028820160070794080310900370065006821490302005700
013908520020056730000312890000105608069047200054623010000004102281039060045201009
506000743013608025900340160342009817001782004008100006000097302230856470004000650
901050206027013459050028173573201940080300012102009700010030590700540300045096000
900150407700080301561307002870401600420005138009208070057903006104506793600070005
053460079904003658026009000008250960209806000040090801501902007397614582002030100
270048005840060290065072004700801400008096570006200180092713600600080920184620053
600170538400850061508320047905037000000200050130900004250608410894503670361002005
003025008080130200000876134672543019508900763139760002364090080000000000801307940
010004508064570030900021040358000000296150384000386020003265009520400613680713002
910007500760950201008013470609080103000120650281530700092865347805001900070400005
000018026498600013026073004812704500034160207000009301043080005071596438080040600
200079016841630970007010500026090481009208007370064050000301005150980003693020148
002007406041820300703049108054301007610004253009205040030010089096400002027958034
280600190000920040943501027360100270408036050700290063600310009094002500035460712
204090051019200047060451002920000010856049720000827560035004076008570104402610090
261098030503026008000030462706215049405009000010003675157302804300980150600004003
310058460009003502047061003700000894096782100801340200900034708170806059208500040
580490726710502309900080000000079462826104900470050030007908050650023890390600017
800061025061200849040039000083900001706014008900786402638007954079043200200608070
900082700607395104805000029002900310306240007091850240009008432473120005008034001
003900210109208000402153000004731068735600040008490700206310807307809600091507420
071080592020590006504026001902000007316905084000642019039108405400259003065000908
800000124206403000041852360004600073380097006069130280002576831630040050510008600
261098030503026008000030462706215049405009000010003675157302804300980150600004003
000007135650308974090051000060000791513092468700080000176000049435009080082674503
085064037049008005371529408504083070806712594920000300008031050100090000063000219
302609501900102036400080700197030600640200310083716904861000049509000170034921000
984020005030000819607900304093058061805090400270406598029040006056002900008760253
501024069000890050948615720000930017000452980802000305619083004004006192720100030
830015700900043815057080004083090600590307481001068009040802076020130040618900023
